<record><leader>00000cas a22000007a 4500</leader><controlfield tag="001">11739934</controlfield><controlfield tag="008">850227c19839999utudr ne      0   a0eng d</controlfield><datafield ind1=" " ind2=" " tag="010"><subfield code="a">sn 85058016 </subfield></datafield><datafield ind1=" " ind2=" " tag="040"><subfield code="a">UNP</subfield><subfield code="b">eng</subfield><subfield code="c">UNP</subfield><subfield code="d">NSD</subfield><subfield code="d">OCL</subfield><subfield code="d">CUS</subfield><subfield code="d">OCLCQ</subfield><subfield code="d">OCLCF</subfield><subfield code="d">OCLCO</subfield></datafield><datafield ind1=" " ind2=" " tag="012"><subfield code="m">X</subfield></datafield><datafield ind1="1" ind2=" " tag="022"><subfield code="a">0745-6611</subfield><subfield code="l">0745-6611</subfield><subfield code="2">1</subfield></datafield><datafield ind1="1" ind2=" " tag="029"><subfield code="a">AU@</subfield><subfield code="b">000022774023</subfield></datafield><datafield ind1=" " ind2=" " tag="032"><subfield code="a">307290</subfield><subfield code="b">USPS</subfield></datafield><datafield ind1=" " ind2=" " tag="037"><subfield code="b">The Daily Spectrum, 275 E. St. George Blvd., Box 1630, St. George, Utah 84770</subfield></datafield><datafield ind1=" " ind2=" " tag="042"><subfield code="a">msc</subfield><subfield code="a">nsdp</subfield></datafield><datafield ind1=" " ind2=" " tag="043"><subfield code="a">n-us-ut</subfield></datafield><datafield ind1="1" ind2="4" tag="050"><subfield code="a">Newspaper</subfield></datafield><datafield ind1="0" ind2=" " tag="130"><subfield code="a">Daily spectrum (Saint George, Utah)</subfield></datafield><datafield ind1=" " ind2="4" tag="222"><subfield code="a">The Daily spectrum</subfield><subfield code="b">(Saint George, Utah)</subfield></datafield><datafield ind1="1" ind2="4" tag="245"><subfield code="a">The Daily spectrum.</subfield></datafield><datafield ind1="3" ind2="0" tag="246"><subfield code="a">Spectrum</subfield></datafield><datafield ind1=" " ind2=" " tag="250"><subfield code="a">Washington County ed.</subfield></datafield><datafield ind1=" " ind2=" " tag="260"><subfield code="a">St. George, Utah :</subfield><subfield code="b">Spectrum Pub. Co.,</subfield><subfield code="c">1983-</subfield></datafield><datafield ind1=" " ind2=" " tag="300"><subfield code="a">v. :</subfield><subfield code="b">ill. ;</subfield><subfield code="c">57 cm.</subfield></datafield><datafield ind1=" " ind2=" " tag="310"><subfield code="a">Daily,</subfield><subfield code="b">Aug. 23, 1986-</subfield></datafield><datafield ind1=" " ind2=" " tag="321"><subfield code="a">Daily (except Saturday),</subfield><subfield code="b">Mar. 27, 1983-</subfield></datafield><datafield ind1="0" ind2=" " tag="362"><subfield code="a">Vol. 21, no. 53 (Mar. 27, 1983)-</subfield></datafield><datafield ind1=" " ind2=" " tag="515"><subfield code="a">No edition statement present, &lt;Aug. 23, 1986-&gt;</subfield></datafield><datafield ind1=" " ind2=" " tag="525"><subfield code="a">Supplements accompany many issues.</subfield></datafield><datafield ind1=" " ind2=" " tag="525"><subfield code="a">Local supplement, "Spectrum outlook," issued each Sunday.</subfield></datafield><datafield ind1=" " ind2=" " tag="525"><subfield code="a">Local supplement, "Spectrum church news," issued each Friday.</subfield></datafield><datafield ind1=" " ind2=" " tag="525"><subfield code="a">"Spectrum progress ed." issued each Spring.</subfield></datafield><datafield ind1=" " ind2=" " tag="525"><subfield code="a">Utah Shakespeare festival supplement issued each July.</subfield></datafield><datafield ind1=" " ind2=" " tag="580"><subfield code="a">Iron County ed.: Daily spectrum (Cedar City, Utah).</subfield></datafield><datafield ind1=" " ind2=" " tag="588"><subfield code="a">Latest issue consulted: Vol. 24, no. 160 (Saturday, Aug. 23, 1986).</subfield></datafield><datafield ind1=" " ind2="0" tag="651"><subfield code="a">Saint George (Utah)</subfield><subfield code="v">Newspapers.</subfield></datafield><datafield ind1=" " ind2="7" tag="655"><subfield code="a">Newspapers.</subfield><subfield code="2">fast</subfield><subfield code="0">(OCoLC)fst01423814</subfield></datafield><datafield ind1=" " ind2="7" tag="651"><subfield code="a">Utah</subfield><subfield code="z">Saint George.</subfield><subfield code="2">fast</subfield><subfield code="0">(OCoLC)fst01223308</subfield></datafield><datafield ind1=" " ind2=" " tag="752"><subfield code="a">United States</subfield><subfield code="b">Utah</subfield><subfield code="c">Washington</subfield><subfield code="d">Saint George.</subfield></datafield><datafield ind1="0" ind2=" " tag="775"><subfield code="t">Daily spectrum (Cedar City, Utah)</subfield><subfield code="x">0747-0010</subfield><subfield code="w">(DLC)sn 84009885</subfield><subfield code="w">(OCoLC)10453147</subfield></datafield><datafield ind1="0" ind2="0" tag="780"><subfield code="t">Spectrum (Saint George, Utah)</subfield><subfield code="x">0890-8877</subfield><subfield code="w">(DLC)sn 83007225</subfield><subfield code="w">(OCoLC)9355028</subfield></datafield></record>